<?xml version="1.0" encoding="UTF-8"?>
<record xmlns="http://www.loc.gov/MARC21/slim">
   <leader>00813cam a22002055  4500</leader>
   <controlfield tag="001">2786672</controlfield>
   <controlfield tag="003">NjP</controlfield>
   <controlfield tag="005">20171013180901.0</controlfield>
   <controlfield tag="008">991115s195u    su            000 0 ara d</controlfield>
   <datafield tag="024" ind1="7" ind2=" ">
      <subfield code="a">princeton_aco003669</subfield>
      <subfield code="2">local</subfield>
   </datafield>
   <datafield ind1=" " ind2=" " tag="035">
      <subfield code="a">(OCoLC)ocm42830705</subfield>
   </datafield>
   <datafield ind1=" " ind2=" " tag="035">
      <subfield code="9">CNJ5553TS</subfield>
   </datafield>
   <datafield ind1=" " ind2=" " tag="040">
      <subfield code="a">PUL</subfield>
      <subfield code="c">PUL</subfield>
   </datafield>
   <datafield ind1="1" ind2=" " tag="100">
      <subfield code="a">Āl Muʻammar, Ḥamad ibn Nāṣir,</subfield>
      <subfield code="d">1747-1810.</subfield>
      <subfield code="0">http://id.loc.gov/authorities/names/n88287953</subfield>
   </datafield>
   <datafield ind1="1" ind2="3" tag="245">
      <subfield code="a">al-Fawākih al-ʻidhāb fī al-radd ʻalā man yuhkim al-sunnah wa-al-kitāb.</subfield>
   </datafield>
   <datafield ind1=" " ind2=" " tag="260">
      <subfield code="a">al-Riyāḍ,</subfield>
      <subfield code="b">Muʾassasat al-Nūr lil-Ṭibāʻah wa-al-tajlīd</subfield>
      <subfield code="c">[195-?]</subfield>
   </datafield>
   <datafield ind1=" " ind2=" " tag="300">
      <subfield code="a">78 p.</subfield>
      <subfield code="c">17 cm.</subfield>
   </datafield>
   <datafield ind1=" " ind2=" " tag="546">
      <subfield code="a">In Arabic.</subfield>
   </datafield>
   <datafield ind1=" " ind2="0" tag="650">
      <subfield code="a">Wahhābīyah.</subfield>
      <subfield code="0">http://id.loc.gov/authorities/subjects/sh85144813</subfield>
   </datafield>
   <datafield ind1=" " ind2=" " tag="945">
      <subfield code="a">F</subfield>
      <subfield code="b">1</subfield>
      <subfield code="c">2271.46576 I18.334</subfield>
   </datafield>
   <datafield ind1=" " ind2=" " tag="911">
      <subfield code="a">20000130</subfield>
   </datafield>
   <datafield ind1="0" ind2="0" tag="852">
      <subfield code="0">3097632</subfield>
      <subfield code="b">rcppa</subfield>
      <subfield code="t">1</subfield>
      <subfield code="h">BP195.W2</subfield>
      <subfield code="i">A468 1950z</subfield>
      <subfield code="x">tr fr nec</subfield>
   </datafield>
   <datafield ind1=" " ind2=" " tag="959">
      <subfield code="a">2009-06-30 11:55:59 -0400</subfield>
   </datafield>
</record>
